@article{miller,
author = { Miller, E. and Robinson, S. and Anderson, D. and McCall, J. and Prinke, A. and Webster, J. and Seifert, C.},
pages = {332-338},
title = {{Adaptively Reevaluated Bayesian Localization (ARBL): A novel technique for radiological source localization}},
journal = {Nuclear Instruments and Methods in Physics Research A},
volume = {784},
year = {2015},
url = {http://dx.doi.org/10.1016/j.nima.2015.01.038}
}

@article{chandy,
author = {Chandy, K. and Bunn, J. and Liu, A.},
title = {{Models and Algorithms for Radiation Detection}},
journal = {Modeling and Simulation Workshop for Homeland Security},
year = {2010},
pages = {1-6}
}

@article{xun,
author = {Xun, X. and Mallick, B. and Carroll, R. and Kuchment, P.},
title = {{A Bayesian Approach to the Detection of Small Low Emission Sources}},
journal = {Inverse Problems},
volume = {27},
year = {2011},
url = {http://dx.doi.org/10.1016/j.nima.2015.01.038}
}

@article{deb,
author = {Deb, B. and Ross, F. and Ivan, A. and Hartman, M.},
title = {Radioactive Source Estimation Using a System of Directional and Non-Directional Detectors},
journal = {IEEE Transactions in Nuclear Science},
volume = {58},
year = {2011},
}

@article{tandon,
author = {Tandon, P. and Huggins, P. and Maclachlan, R. and Dubrawski, A. and Nelson, K. and Labov, S.},
title = {{Detection of Radioactive Sources in Urban Scenes Using Bayesian Aggregation of Data from Mobile Spectrometers}},
journal = {Information Systems},
volume = {57},
year = {2016},
pages = {195-206}
}

@article{morelande,
author = {Morelande, M. and Ristic, B.},
title = {{Radiological Source Detection and Localization Using Bayesian Techniques}},
journal = {IEEE Transactions in Signal Processing},
volume = {57},
year = {2009},
pages = {4220-4231},
url = {http://dx.doi.org/10.1109/TSP.2009.2026618}
}

@article{detwiler,
author = {Detwiler, R. and Pfund, D. and Myjak, M. and Kulisek, J. and Seifert, C.},
title = {{Spectral Anomaly Methods for Aerial Detection using KUT Nuisance Rejection}},
journal = {Nuclear Instrumentation and Methods in Physics Research A},
volume = {784},
pages = {339-345},
year = {2015},
url = {10.1016/j.nima.2015.01.040}
}

@article{ziock,
author = {Ziock, K. P. and Goldstein, W. H.},
title = {{The Lost Source, Varying Backgrounds and Why Bigger May Not Be Better }},
journal = {American Institute of Physics},
volume = {632},
pages = {60},
year = {2002},
url = {http://dx.doi.org/10.1063/1.1513955}
}

@article{faissol,
author = {Faissol, D. and Ni, K. and Lange, D. and Nelson, K. and Santiago, C. and Edmunds, T. and Sokkappa, P. and Wheeler, R.},
title = {{Modeling and SImulation to Guide Radiological and Nuclear Search Tactics, Techniques, and Procedures}},
journal = {Lawrence Livermore National Laboratory},
volume = {LLNL-TR-596992},
year = {2012}
}

@article{birsen,
title = "Design optimization for a wearable, gamma-ray and neutron sensitive, detector array with directionality estimation",
journal = "Nuclear Instruments and Methods in Physics Research Section A: Accelerators, Spectrometers, Detectors and Associated Equipment",
volume = "870",
number = "Supplement C",
pages = "131 - 139",
year = "2017",
issn = "0168-9002",
doi = "https://doi.org/10.1016/j.nima.2017.07.020",
url = "http://www.sciencedirect.com/science/article/pii/S016890021730760X",
author = "Birsen Ayaz-Maierhafer and Carl G. Britt and Andrew J. August and Hairong Qi and Carolyn E. Seifert and Jason P. Hayward",
keywords = "Backpack detectors",
keywords = "Nonproliferation",
keywords = "Gamma-ray and neutron detectors",
keywords = "kNN",
keywords = "MCNP",
keywords = "Directionality estimation"
}

@INPROCEEDINGS{gueorguiev,
author={A. Gueorguiev and J. Preston and L. Hoy and G. Pausch and C. M. Herbach and J. Stein},
booktitle={IEEE Nuclear Science Symposium Medical Imaging Conference},
title={A novel method to determine the directionality of radiation sources with two detectors based on coincidence measurements},
year={2010},
volume={},
number={},
pages={1525-1530},
keywords={Compton effect;image reconstruction;radiation detection;Compton events;Compton scattering;ICx radiation;Radiation detection;acquisition times;angular detection;coincidence spectra;coincidence time window;coincident events;complex image reconstruction;detector reduced spectra subset;energy spectrum;low count rates;opposite polarity skewness;paired-energy distributions;radiation source;source energies;source position;time-dependent buffer;Absorption;Detectors;Energy measurement;Geometry;Materials;Photonics;Scattering;Coincidence;Compton Scattering;Directionality;Localization;Radiation Detection},
doi={10.1109/NSSMIC.2010.5874031},
ISSN={1082-3654},
month={Oct},}

@article{jarman,
author={K. Jarman and E. Miller and R. Wittman and C. Gesh},
journal={Nuclear Technology},
volume={175},
pages={326-334},
year={2011},
title={Bayesian Radiation Source Localization}
}

@article{newaz,
author={A. Newaz and S. Jeong and H. Lee and H. Ryu and N. Chong},
journal={Robotics and Autonomous Systems},
volume={85},
pages={12-25},
year={2016},
title={UAV-based multiple source localization and contour mapping of
radiation fields}
},

@article{stefan,
author={R. Stefanescu and K. Schmidt and J. Hite and R. Smith and J. Mattingly},
journal={Internation Journal for Numerical Methods in Engineering},
title={Hybrid optimization and Bayesian inference techniques for a non-smooth radiation detection problem},
volume={111},
pages={955-982},
year={2017}
}

@article{hite,
author={J. Hite and J. Mattingly and K. Schmidt and R. Stefanesu and R. Smith},
journal={IEEE Conference on Multisensor Fusion and Integration for Intelligent Systems},
title={Bayesian Metropolis Methods Applied to Sensor Networks for Radiation Source Localization},
year={2016},
pages={389-393}
}

@article{morelandegaussianmixture,
author={M. Morelande and A. Skvortsov},
title={Radiation Field Estimation Using a Gaussian Mixture},
journal={International Conference on Information Fusion},
year={2009}
}












