
@article{detwiler,
author = {Detwiler, R. and Pfund, D. and Myjak, M. and Kulisek, J. and Seifert, C.},
title = {{Spectral Anomaly Methods for Aerial Detection using KUT Nuisance Rejection}},
journal = {Nuclear Instrumentation and Methods in Physics Research A},
volume = {784},
pages = {339-345},
year = {2015},
url = {10.1016/j.nima.2015.01.040}
}

@article{ziock,
author = {Ziock, K. P. and Goldstein, W. H.},
title = {{The Lost Source, Varying Backgrounds and Why Bigger May Not Be Better }},
journal = {American Institute of Physics},
volume = {632},
pages = {60},
year = {2002},
url = {http://dx.doi.org/10.1063/1.1513955}
}

@article{alamaniotis,
author = {Alamaniotis, M. and Mattingly, J. and Tsoukalas, L.},
title = {Kernel-Based Machine Learning for Background},
journal = {Institute of Electrical and Electronics Engineers Transactions on Nuclear Science},
volume = {60},
pages = {2209-2221},
year = {2013}
}



